<?xml version="1.0" encoding="UTF-8"?><collection xmlns="http://www.loc.gov/MARC21/slim"><record><leader>00464nam--2200145-i-4500</leader><controlfield tag="001">000009877</controlfield><controlfield tag="002">20161230</controlfield><controlfield tag="005">20161230201028</controlfield><controlfield tag="008">060222s1000------------r-----000-0-eng-d</controlfield><datafield ind1=" " ind2=" " tag="080"><subfield code="a">546.654(043):537.525.5</subfield></datafield><datafield ind1=" " ind2=" " tag="100"><subfield code="a">Antic, Jelisaveta</subfield></datafield><datafield ind1=" " ind2=" " tag="245"><subfield code="a">Contribution a l`etude du comportament du lant hane dans le plasmas d`arc electrique. these</subfield></datafield><datafield ind1=" " ind2=" " tag="260"><subfield code="a">Paris, Faculte Des Sciences De L`Universite De Pris, 1971 115 P</subfield></datafield><datafield ind1=" " ind2=" " tag="490"><subfield code="a">No.D`Ordre 5605</subfield></datafield><datafield ind1=" " ind2=" " tag="852"><subfield code="a">35827</subfield></datafield></record></collection>